% This file was created with JabRef 2.5.
% Encoding: ISO8859_1

@PREAMBLE{ "\newcommand{\noopsort}[1]{} "
# "\newcommand{\printfirst}[2]{#1} "
# "\newcommand{\singleletter}[1]{#1} "
# "\newcommand{\switchargs}[2]{#2#1} " }

 @book{CleanCode,
  title={{Clean Code: A Handbook of Agile Software Craftsmanship}},
  author={Martin, Robert C.},
  year={2008},
  publisher={Prentice Hall International}
}

@book{Entwurfsmuster,
  title={{Entwurfsmuster von Kopf bis Fuß}},
  author={Freeman, Eric},
  year={2007},
  publisher={O’REILLY}
}

@comment{jabref-meta: selector_publisher:}

@comment{jabref-meta: selector_author:}

@comment{jabref-meta: selector_journal:}

@comment{jabref-meta: selector_keywords:}
